@article{rivest1978method,
    title = {{A method for obtaining digital signatures and public-key cryptosystems}},
    author = {{Rivest, Ronald L. and Shamir, Adi and Adleman, Leonard}},
    journal = {Communications of the ACM},
    volume = {21},
    number = {2},
    pages = {120--126},
    year = {1978},
    publisher = {{ACM New York, NY, USA}},
    note = {\url{https://web.williams.edu/Mathematics/lg5/302/RSA.pdf}},
}

@article{cocks1973note,
    title = {A note on non-secret encryption},
    author = {Cocks, Clifford C.},
    journal = {CESG Memo},
    year = {1973}
}
